@article{killeen,
  title={Arousal: Its genesis and manifestation as response rate},
  author={Killeen, Peter R and Hanson, Stephen J and Osborne, Steve R},
  journal={Psychological Review},
  volume={85},
  number={6},
  pages={571--581},
  year={1978}
}

@book{staddon,
	title={Adaptive behavior and learning},
	author={Staddon, John ER},
	year={2016},
	publisher={Cambridge University Press}
	}